@article{Pineda_2021,
	doi = {10.1103/physreva.104.042218},
  	url = {https://doi.org/10.1103%2Fphysreva.104.042218},
  	year = 2021,
	month = {oct},
  	publisher = {American Physical Society ({APS})},
  	volume = {104},
  	number = {4},
  	author = {Carlos Pineda and David Davalos and Carlos Viviescas and Antonio Rosado},
  	title = {Fuzzy measurements and coarse graining in quantum many-body systems},
  	journal = {Physical Review A}
}

@book{nielsen_chuang_2010, 
    place={Cambridge}, 
    title={Quantum Computation and Quantum Information: 10th Anniversary Edition},
    DOI={10.1017/CBO9780511976667}, publisher={Cambridge University Press},
    author={Nielsen, Michael A. and Chuang, Isaac L.}, 
    year={2010}}


@book{gomez2010introduccion,
  title={Introducci{\'o}n al formalismo de la mec{\'a}nica cu{\'a}ntica no relativista},
  author={G{\'o}mez, Mar{\'\i}a Carolina Spinel},
  year={2010},
  publisher={Universidad Nacional de Colombia}
}

@misc{ifunam,
    author    = "IFUNAM",
    title     = "{Instituto de Física}",
	howpublished = {\url{https://www.fisica.unam.mx/}},
    keywords  = "IFUNAM",
    year={2022}
}

@misc{ECFM,
    author    = "ECFM-USAC",
    title     = "{Escuela No Facultativa de Ciencias Físicas y Matemáticas (ECFM) USAC}",
    howpublished = {\url{https://ecfm.usac.edu.gt/escuela}},
    keywords  = "ECFM",
     year={2022}
}
