@article{Pineda_2021,
	doi = {10.1103/physreva.104.042218},
  	url = {https://doi.org/10.1103%2Fphysreva.104.042218},
  	year = 2021,
	month = {oct},
  	publisher = {American Physical Society ({APS})},
  	volume = {104},
  	number = {4},
  	author = {Carlos Pineda and David Davalos and Carlos Viviescas and Antonio Rosado},
  	title = {Fuzzy measurements and coarse graining in quantum many-body systems},
  	journal = {Physical Review A}
}

@book{nielsen_chuang_2010, 
    place={Cambridge}, 
    title={Quantum Computation and Quantum Information: 10th Anniversary Edition},
    DOI={10.1017/CBO9780511976667}, publisher={Cambridge University Press},
    author={Nielsen, Michael A. and Chuang, Isaac L.}, 
    year={2010}}


@book{gomez2010introduccion,
  title={Introducci{\'o}n al formalismo de la mec{\'a}nica cu{\'a}ntica no relativista},
  author={G{\'o}mez, Mar{\'\i}a Carolina Spinel},
  year={2010},
  publisher={Universidad Nacional de Colombia}
}

% This reference is visible in the Bibliography, but not in the text above it. To see how this is done, have a look at the code for the 'Introduction'-section
@online{imt_software_wiki,
    author = "NTNU, Department of Marine Technology", 
    title = "IMT Software Wiki - LaTeX", 
    url = "https://www.ntnu.no/wiki/display/imtsoftware/LaTeX", 
    urldate = "2020-09-15"      % This is the date we entered the page
}